<?xml version="1.0" encoding="UTF-8"?><collection xmlns="http://www.loc.gov/MARC21/slim"><record><leader>00443nam--2200133-i-4500</leader><controlfield tag="001">000001050</controlfield><controlfield tag="002">20161230</controlfield><controlfield tag="005">20161230201024</controlfield><controlfield tag="008">060222s1000------------r-----000-0-eng-d</controlfield><datafield ind1=" " ind2=" " tag="080"><subfield code="a">665.03:637.133.3(043)</subfield></datafield><datafield ind1=" " ind2=" " tag="100"><subfield code="a">Hermann, Anita Martha</subfield></datafield><datafield ind1=" " ind2=" " tag="245"><subfield code="a">Sauerstoffverbrauch von uht-milch wahrend der lagerung und dadurch bedingte veranderungen an proteinen und enzymen.dissertation</subfield></datafield><datafield ind1=" " ind2=" " tag="260"><subfield code="a">Stuttgart, Universitat, 1980. 161 P</subfield></datafield><datafield ind1=" " ind2=" " tag="852"><subfield code="a">48353</subfield></datafield></record></collection>